@inproceedings{Lewis2023,
 author = {Lewis, Patrick and Perez, Ethan and Piktus, Aleksandra and Petroni, Fabio and Karpukhin, Vladimir and Goyal, Naman and K\"{u}ttler, Heinrich and Lewis, Mike and Yih, Wen-tau and Rockt\"{a}schel, Tim and Riedel, Sebastian and Kiela, Douwe},
 booktitle = {Advances in Neural Information Processing Systems},
 editor = {H. Larochelle and M. Ranzato and R. Hadsell and M.F. Balcan and H. Lin},
 pages = {9459--9474},
 publisher = {Curran Associates, Inc.},
 title = {Retrieval-Augmented Generation for Knowledge-Intensive NLP Tasks},
 url = {https://proceedings.neurips.cc/paper_files/paper/2020/file/6b493230205f780e1bc26945df7481e5-Paper.pdf},
 volume = {33},
 year = {2020}
}

@inproceedings{lopez2009proceso,
title={Proceso de gestión de Trabajos Fin de Carrera},
author={López Nozal, Carlos and Marticorena Sánchez, Raúl and Rodríguez, Juan José and Bustillo Iglesias, Andrés},
booktitle={Jornadas de Enseñanza Universitaria de la Informática},
pages={413--420},
year={2009},
organization={Jornadas de Enseñanza Universitaria de la Informática}
}

@inproceedings{lopez2010final,
title={Final year project management process},
author={López, Carlos and Martín, David H and Bustillo, Andrés and Marticorena, Raúl},
booktitle={Proceedings 2nd International Conference on Computer Supported Education},
volume={2},
pages={5--12},
year={2010}
}


