@online{metricas,
    author = "Dan Radigan",
    title = "Cinco métricas KPI ágiles que no odiarás",
    url  ="https://www.atlassian.com/es/agile/project-management/metrics",
    addendum = "(accessed: 26.12.2023)",
    keywords = "Agile, Metricas"
}

@online{EUAIAct,
    author = "European Parliament",
    title = "EU AI Act: first regulation on artificial intelligence",
    url  ="https://www.europarl.europa.eu/news/en/headlines/society/20230601STO93804/eu-ai-act-first-regulation-on-artificial-intelligence",
    addendum = "(accessed: 26.12.2023)",
    keywords = "AI, Laws, EU"
}

@online{Python,
    author = "Python",
    title = "History and License",
    url  ="https://docs.python.org/3/license.html",
    addendum = "(accessed: 27.12.2023)",
    keywords = "Python, License"
}

@online{VisualStudioCode,
    author = "Microsoft",
    title = "MICROSOFT SOFTWARE LICENSE TERMS",
    url  ="https://code.visualstudio.com/license",
    addendum = "(accessed: 27.12.2023)",
    keywords = "Visual Code, License"
}

@online{StreamlitLicense,
    author = "Streamlit",
    title = "Terms of use",
    url  ="https://streamlit.io/terms-of-use",
    addendum = "(accessed: 27.12.2023)",
    keywords = "Streamlit, License"
}

@online{LangchainLicense,
    author = "Langchain",
    title = "LICENSE",
    url  ="https://github.com/langchain-ai/langchain/blob/master/LICENSE",
    addendum = "(accessed: 27.12.2023)",
    keywords = "Langchain, License"
}

@online{MistralLicense,
    author = "Mistral",
    title = "Mistral 7B in short",
    url  ="https://mistral.ai/news/announcing-mistral-7b/",
    addendum = "(accessed: 27.12.2023)",
    keywords = "Mistral, License"
}

@online{HuggingFaceLicense,
    author = "HuggingFace",
    title = "Licenses",
    url  ="https://huggingface.co/docs/hub/repositories-licenses",
    addendum = "(accessed: 27.12.2023)",
    keywords = "HuggingFace, License"
}

@online{PandasLicense,
    author = "Pandas",
    title = "Licenses",
    url  ="https://github.com/pandas-dev/pandas/blob/main/LICENSE",
    addendum = "(accessed: 27.12.2023)",
    keywords = "Pandas, License"
}

@online{GithubLicense,
    author = "Github",
    title = "Licenses",
    url  ="https://github.com/git/git-scm.com/blob/main/MIT-LICENSE.txt",
    addendum = "(accessed: 27.12.2023)",
    keywords = "Github, License"
}

@online{ZubeLicense,
    author = "Zube",
    title = "Terms of Service",
    url  ="https://zube.io/tos",
    addendum = "(accessed: 27.12.2023)",
    keywords = "Zube, License"
}

@online{PowerLLM,
    author = "Alden Do Rosario",
    title = "Power Requirements of large language models",
    url  ="https://www.nnlabs.org/power-requirements-of-large-language-models/",
    addendum = "(accessed: 05.01.2024)",
    keywords = "Langchain, LLMs"
}

@article{Etzioni2017-ETZIEI,
	author = {Amitai Etzioni and Oren Etzioni},
	doi = {10.1007/s10892-017-9252-2},
	journal = {The Journal of Ethics},
	number = {4},
	pages = {403--418},
	publisher = {Springer Verlag},
	title = {Incorporating Ethics Into Artificial Intelligence},
	volume = {21},
	year = {2017}
}

@misc{schäfer2023empirical,
      title={An Empirical Evaluation of Using Large Language Models for Automated Unit Test Generation}, 
      author={Max Schäfer and Sarah Nadi and Aryaz Eghbali and Frank Tip},
      year={2023},
      eprint={2302.06527},
      archivePrefix={arXiv},
      primaryClass={cs.SE}
}

@online{Kanban,
    author = "Atlassian",
    title = "Kanban - A brief introduction",
    url  ="https://www.atlassian.com/agile/kanban",
    addendum = "(accessed: 05.01.2024)",
    keywords = "Kanban, Scrum"
}

@inproceedings{Lewis2020,
 author = {Lewis, Patrick and Perez, Ethan and Piktus, Aleksandra and Petroni, Fabio and Karpukhin, Vladimir and Goyal, Naman and K\"{u}ttler, Heinrich and Lewis, Mike and Yih, Wen-tau and Rockt\"{a}schel, Tim and Riedel, Sebastian and Kiela, Douwe},
 booktitle = {Advances in Neural Information Processing Systems},
 editor = {H. Larochelle and M. Ranzato and R. Hadsell and M.F. Balcan and H. Lin},
 pages = {9459--9474},
 publisher = {Curran Associates, Inc.},
 title = {Retrieval-Augmented Generation for Knowledge-Intensive NLP Tasks},
 url = {https://proceedings.neurips.cc/paper_files/paper/2020/file/6b493230205f780e1bc26945df7481e5-Paper.pdf},
 volume = {33},
 year = {2020}
}

@online{UBU-Chatbot,
    author = "Alfredo Asensio Vázquez",
    title = "Desarrollo y explotación de un chatbot de FAQs sobre una asignatura de Trabajo Fin de Grado",
    url  = "https://github.com/aav0038/UBU-CHATBOT/tree/master",
    addendum = "(accessed: 01.12.2023)",
    keywords = "Chatbot, TFG, UBU"
}